<?xml version="1.0" encoding="UTF-8"?><collection xmlns="http://www.loc.gov/MARC21/slim"><record><leader>00541nam--2200181-i-4500</leader><controlfield tag="001">000011401</controlfield><controlfield tag="002">20161230</controlfield><controlfield tag="005">20161230201029</controlfield><controlfield tag="008">060222s1000------------r-----000-0-eng-d</controlfield><datafield ind1=" " ind2=" " tag="040"><subfield code="a">IFIN-HH</subfield></datafield><datafield ind1=" " ind2=" " tag="080"><subfield code="a">539.12(061.3)</subfield></datafield><datafield ind1="1" ind2=" " tag="100"><subfield code="a">Dobson, P.N</subfield></datafield><datafield ind1="1" ind2="0" tag="245"><subfield code="a">Proceedings of the fifth hawaii topical conference in particle physics (1973)</subfield><subfield code="c">P.n. dobson, jr., v.z. peterson (eds.)</subfield></datafield><datafield ind1=" " ind2=" " tag="260"><subfield code="a">Honolulu</subfield><subfield code="b">University Of Hawaii</subfield><subfield code="c">1974</subfield></datafield><datafield ind1=" " ind2=" " tag="300"><subfield code="a">710P</subfield></datafield><datafield ind1="1" ind2=" " tag="700"><subfield code="a">Peterson, V.Z</subfield><subfield code="e">Ed</subfield></datafield><datafield ind1=" " ind2=" " tag="852"><subfield code="a">42688</subfield><subfield code="c">539.12</subfield></datafield><datafield ind1=" " ind2=" " tag="CAT"><subfield code="a">Sys</subfield><subfield code="c">20111124</subfield><subfield code="h">143546</subfield></datafield></record></collection>